<?xml version="1.0" encoding="UTF-8"?><collection xmlns="http://www.loc.gov/MARC21/slim"><record><leader>00463nam--2200121-i-4500</leader><controlfield tag="001">000049360</controlfield><controlfield tag="002">20161230</controlfield><controlfield tag="005">20161230201047</controlfield><controlfield tag="008">060222s1000------------r-----000-0-eng-d</controlfield><datafield ind1=" " ind2=" " tag="080"><subfield code="a">608</subfield></datafield><datafield ind1=" " ind2=" " tag="245"><subfield code="a">Patents for inventions. abridgment group g4-g6-calculating, signalling, education, advertising, musig, recording, nucleonics. classification key for specifications in the series numbered: 980,001-1,000,000(1964)</subfield></datafield><datafield ind1=" " ind2=" " tag="260"><subfield code="a">London, Patent Office, 1963</subfield></datafield><datafield ind1=" " ind2=" " tag="852"><subfield code="a">19522</subfield></datafield></record></collection>